<record xmlns:xsi="http://www.w3.org/2001/XMLSchema-instance" xmlns="http://www.loc.gov/MARC21/slim" xsi:schemaLocation="http://www.loc.gov/MARC21/slim http://www.loc.gov/standards/marcxml/schema/MARC21slim.xsd">

  <leader>00566nam a2200145Ia 4500</leader>
  <datafield tag="999" ind2=" " ind1=" ">
    <subfield code="c">1909</subfield>
    <subfield code="d">1909</subfield>
  </datafield>
  <controlfield tag="008">180518b2008    cr ||||| |||| 00| | spa d</controlfield>
  <datafield tag="090" ind2=" " ind1=" ">
    <subfield code="a">06.04.01 </subfield>
    <subfield code="b">1596</subfield>
  </datafield>
  <datafield ind1="1" tag="110" ind2=" ">
    <subfield code="a">Costa Rica. Ministerio de Educación Pública</subfield>
    <subfield code="9">545</subfield>
  </datafield>
  <datafield ind1="1" tag="245" ind2="3">
    <subfield code="a">El centro educativo de calidad como eje de la educación costarricense / </subfield>
    <subfield code="c">Costa Rica.  Ministerio de Educación Pública</subfield>
  </datafield>
  <datafield ind1=" " ind2=" " tag="260">
    <subfield code="a">San José, Costa Rica : </subfield>
    <subfield code="b">MEP, </subfield>
    <subfield code="c">2008</subfield>
  </datafield>
  <datafield ind2=" " tag="300" ind1=" ">
    <subfield code="a">32 páginas</subfield>
  </datafield>
  <datafield ind1="1" ind2="4" tag="650">
    <subfield code="a">ESTABLECIMIENTOS DE ENSEÑANZA</subfield>
    <subfield code="9">1519</subfield>
  </datafield>
  <datafield tag="650" ind2="4" ind1="1">
    <subfield code="a">CALIDAD DE LA EDUCACIÓN</subfield>
    <subfield code="9">11</subfield>
  </datafield>
  <datafield ind2=" " tag="942" ind1=" ">
    <subfield code="2">z</subfield>
    <subfield code="c">01</subfield>
  </datafield>
</record>